<?xml version="1.0" encoding="UTF-8"?><collection xmlns="http://www.loc.gov/MARC21/slim"><record><leader>00479nam--2200181-i-4500</leader><controlfield tag="001">000014016</controlfield><controlfield tag="002">20161230</controlfield><controlfield tag="005">20161230201030</controlfield><controlfield tag="008">060222s1000------------r-----000-0-eng-d</controlfield><datafield ind1=" " ind2=" " tag="020"><subfield code="a">8301007303</subfield></datafield><datafield ind1=" " ind2=" " tag="040"><subfield code="a">IFIN-HH</subfield></datafield><datafield ind1=" " ind2=" " tag="080"><subfield code="a">537.226(O75.8)</subfield></datafield><datafield ind1="1" ind2=" " tag="100"><subfield code="a">Chelkowski,August</subfield></datafield><datafield ind1="1" ind2="0" tag="245"><subfield code="a">Dielectric physics</subfield><subfield code="c">August chelkowski</subfield></datafield><datafield ind1=" " ind2=" " tag="260"><subfield code="a">Warzawa</subfield><subfield code="b">Pwn-polish Scientific Publishers</subfield><subfield code="c">1980</subfield></datafield><datafield ind1=" " ind2=" " tag="300"><subfield code="a">XII + 396P</subfield></datafield><datafield ind1=" " ind2=" " tag="852"><subfield code="a">49481</subfield><subfield code="c">537.226</subfield></datafield><datafield ind1=" " ind2=" " tag="CAT"><subfield code="a">Sys</subfield><subfield code="c">20110706</subfield><subfield code="h">164226</subfield></datafield></record></collection>